<record><leader>00000cas a22000007a 4500</leader><controlfield tag="001">12654973</controlfield><controlfield tag="008">851010d18641864wiuwr ne      0    0eng d</controlfield><datafield ind1=" " ind2=" " tag="010"><subfield code="a">sn 85041336 </subfield></datafield><datafield ind1=" " ind2=" " tag="040"><subfield code="a">NPV</subfield><subfield code="b">eng</subfield><subfield code="c">NPV</subfield><subfield code="d">OCLCQ</subfield></datafield><datafield ind1=" " ind2=" " tag="042"><subfield code="a">msc</subfield></datafield><datafield ind1=" " ind2=" " tag="045"><subfield code="a">w6w6</subfield></datafield><datafield ind1=" " ind2=" " tag="052"><subfield code="a">4123</subfield><subfield code="b">C7</subfield></datafield><datafield ind1="0" ind2="0" tag="245"><subfield code="a">Crawford County standard bearer.</subfield></datafield><datafield ind1="3" ind2="0" tag="246"><subfield code="a">Standard bearer</subfield></datafield><datafield ind1=" " ind2=" " tag="260"><subfield code="a">Prairie du Chien, Crawford County, Wis. :</subfield><subfield code="b">L.R. Train &amp; N.B. Moody</subfield></datafield><datafield ind1=" " ind2=" " tag="300"><subfield code="a">v.</subfield></datafield><datafield ind1=" " ind2=" " tag="310"><subfield code="a">Weekly</subfield></datafield><datafield ind1="1" ind2=" " tag="362"><subfield code="a">Began in 1864; ceased in 1864.</subfield></datafield><datafield ind1=" " ind2=" " tag="500"><subfield code="a">Editors: L.R. Train &amp; N.B. Moody, &lt;March 25&gt;-&lt;June 24, 1864&gt;.</subfield></datafield><datafield ind1=" " ind2=" " tag="530"><subfield code="a">Available on microfilm from The State Historical Society of Wisconsin.</subfield></datafield><datafield ind1=" " ind2=" " tag="580"><subfield code="a">Absorbed by: Prairie du Chien union. Cf. Oehlerts, D.E. Prairie du Chien union, July 8, 1864.</subfield></datafield><datafield ind1=" " ind2=" " tag="588"><subfield code="a">Description based on: Vol. 1, no. 3 (Mar. 25, 1864).</subfield></datafield><datafield ind1=" " ind2=" " tag="752"><subfield code="a">United States</subfield><subfield code="b">Wisconsin</subfield><subfield code="c">Crawford</subfield><subfield code="d">Prairie du Chien.</subfield></datafield><datafield ind1="1" ind2="4" tag="785"><subfield code="t">Prairie du Chien union</subfield><subfield code="w">(DLC)sn 85033218</subfield></datafield><datafield ind1="1" ind2=" " tag="029"><subfield code="a">AU@</subfield><subfield code="b">000025813061</subfield></datafield></record>